@article{FuriPeraSpadini2000,
	author = {Furi, Massimo and Pera, Maria Patrizia and Spadini, Marco},
	title = {The fixed point index of the Poincar√© translation operator on differentiable manifolds},
}